@misc{contain_vs_virtual,
    author    = "Jonas T. Grønbek and Kristoffer L. Tølbøll",
    title     = "Choosing between Containerization or Virtualization",
    institution = "CPH Business Academy",
    url = "https://cphbusiness.mrooms.net/pluginfile.php/491327/mod_resource/content/2/Artikel%2010%20Choosing%20between%20Containerization%20or%20Virtualization.pdf",
    published = "December 2020", 
    note = "[Accessed 01-01-2021]"
}

@misc{security_differences,
  author = "Ed Boyle",
  title = "Event streaming: Build applications that keep up with business",
  published = "24 Jun 2019",
  url =  "https://searchcloudsecurity.techtarget.com/tip/VMs-vs-containers-Which-is-better-for-security",
  note = "[Accessed 01-01-2021]"
}

@misc{benchmarks,
  author = "Qi Zhang and Ling Liu and Calton Pu and Qiwei Dou and Liren Wu and Wei Zhou",
  institution = "IBM Thomas J Watson Research, College of Computing - Georgia Institute of Technology, Department of Computer Science - Yunnan University", 
  title = "A Comparative Study of Containers and VirtualMachines in Big Data Environment",
  published = "24 Jun 2019",
  url =  "https://www.researchgate.net/profile/Ling_Liu4/publication/326223152_A_Comparative_Study_of_Containers_and_Virtual_Machines_in_Big_Data_Environment/links/5c26a387458515a4c7fed130/A-Comparative-Study-of-Containers-and-Virtual-Machines-in-Big-Data-Environment.pdf",
  note = "[Accessed 01-01-2021]"
}